@article{aggarwal,
	author       = {Gagan Aggarwal and Tomas Feder and Krishnaram Kenthapadi and Rajeev Motwani and Rina Panigrahy and Dilys Thomas and An Zhu},
    title        = {Approximation Algorithms for k-Anonymity},
    journal      = {Journal of Privacy Technology},
    year         = {2005}
}

@article{sweeney,
	author       = {L. Sweeney},
	title		 = {Uniqueness of simple demographics in the U.S. population},
	journal      = {Technical Report LIDAP-WP4, Laboratory for International Data Privacy, Carnegie Mellon University},
	year         = {2000}
}

@article{samarati-sweeney,
	author       = {P. Samarati, L. Sweeney},
	title		 = {Generalizing data to provide anonymity when disclosing information (abstract)},
	journal      = {Proceedings of the 17th  ACM SIGMOD-SIGACT-SIGART Symposium on Principles of Database Systems},
	year         = {1998}
}

@article{sweeney02,
	author       = {L. Sweeney},
	title		 = {k-anonymity: A model for protecting privacy},
	journal      = {International Journal of Uncertainty, Fuzziness and Knowledge-based Systems},
	year         = {2002}
}

@article{leeuwen,
	author		 = {Leeuwen, Jan van},
	title        = {Algorithms and complexity},
	journal      = {Handbook of Theoretical Computer Science. Vol. A},
	year         = {1998}
}

@unpublished{martinek,
	author	     = {Vilmos Sz. Martinek},
	title		 = {Anonimizálás big data környezetben},
	year         = {2018},
	note         = {\url{https://diplomaterv.vik.bme.hu/hu/Theses/Anonimizalas-big-data-kornyezetben1}}
}

@misc{factortech01,
	title        = {The Vanishing State of Privacy},
	howpublished = {\url{https://magazine.factor-tech.com/factor_winter_2017/richard_stallman_and_the_vanishing_state_of_privacy}},
	note         = {Accessed: 2019-04-30}
}

@misc{economist01,
	title        = {The world's most valuable resource is no longer oil, but data},
	howpublished = {\url{https://www.economist.com/leaders/2017/05/06/the-worlds-most-valuable-resource-is-no-longer-oil-but-data}},
	note         = {Accessed: 2019-04-30}
}

@misc{nytimes01,
    title        = {},
	howpublished = {\url{https://www.nytimes.com/2012/02/19/magazine/shopping-habits.html}},
	note         = {Accessed: 2019-08-14}
}

@misc{wired01,
	title        = {The Wired Guide to Your Personal Data},
	howpublished = {\url{https://www.wired.com/story/wired-guide-personal-data-collection}},
	note         = {Accessed: 2019-04-30}
}

@misc{precursor01,
	title        = {Google's Top 35 Privacy Scandals},
	howpublished = {\url{http://precursorblog.com/?q=content/googles-top-35-privacy-scandals}},
	note         = {Accessed: 2019-04-30}
}

@misc{technadu01,
	title        = {Worst Internet Privacy Scandals},
	howpublished = {\url{https://www.technadu.com/worst-internet-privacy-scandals/30236}},
	note         = {Accessed: 2019-04-30}
}

@misc{iso01,
	title        = {ISO 25237:2017},
	howpublished = {\url{https://www.iso.org/standard/63553.html}},
	note         = {Accessed: 2019-04-30}
}

@misc{thomsonreuters,
	title		 = {Top Five Concerns with GDPR compliance},
	howpublished = {\url{https://legal.thomsonreuters.com/en/insights/articles/top-five-concerns-gdpr-compliance}},
	note		 = {Accessed: 2019-08-10}
}

@misc{clearcritique,
	title		 = {The First Real Test of GDPR},
	howpublished = {\url{https://clearcritique.com/the-first-real-test-of-gdpr/}},
	note		 = {Accessed: 2019-08-10}
}

@misc{gogrow,
	title		 = {Why Go Grows},
	howpublished = {\url{https://opensource.com/article/17/11/why-go-grows}},
	note		 = {Accessed: 2019-09-18}
}

@misc{wiki01,
	title        = {Cambridge Analytica},
	howpublished = {\url{https://en.wikipedia.org/wiki/Cambridge_Analytica}},
	note         = {Accessed: 2019-04-30}
}

@misc{wiki02,
	title        = {Criticism of Amazon},
	howpublished = {\url{https://en.wikipedia.org/wiki/Criticism_of_Amazon}},
	note         = {Accessed: 2019-04-30}
}

@misc{wiki03,
	title        = {General Data Protection Regulation},
	howpublished = {\url{https://en.wikipedia.org/wiki/General_Data_Protection_Regulation}},
	note         = {Accessed: 2019-04-30}
}

@misc{wiki04,
	title        = {Data anonymization},
	howpublished = {\url{https://en.wikipedia.org/wiki/Data_anonymization}},
	note         = {Accessed: 2019-04-30}
}

@misc{wiki05,
	title        = {Sanitization},
	howpublished = {\url{https://en.wikipedia.org/wiki/Sanitization_(classified_information)}},
	note         = {Accessed: 2019-05-14}
}

@misc{wiki06,
	title        = {NP-hardness},
	howpublished = {\url{https://en.wikipedia.org/wiki/NP-hardness)}},
	note         = {Accessed: 2019-08-13}
}

@misc{wiki07,
	title        = {P vs NP problem},
	howpublished = {\url{https://en.wikipedia.org/wiki/P_versus_NP_problem)}},
	note         = {Accessed: 2019-08-13}
}

@misc{wiki08,
	title        = {Go programming language},
	howpublished = {\url{https://en.wikipedia.org/wiki/Go_(programming_language)}},
	note         = {Accessed: 2019-09-18}
}

@misc{youtube01,
	title		 = {How People Disappear},
	howpublished = {\url{https://www.youtube.com/watch?v=CPBJgpK0Ulc}},
	note         = {Accessed: 2019-08-14}
}

@misc{yourbasic-graph,
	title		 = {yourbasic/graph},
	howpublished = {\url{https://github.com/yourbasic/graph}},
	note		 = {Accessed: 2019-09-22}
}

@misc{StepLg/go-graph,
	title		 = {StepLg/go-graph},
	howpublished = {\url{https://github.com/StepLg/go-graph}},
	note		 = {Accessed: 2019-09-22}
}

@misc{gonum,
	title		 = {gonum},
	howpublished = {\url{https://github.com/gonum/gonum}},
	note		 = {Accessed: 2019-09-22}
}

@misc{gonum-webpage,
	title		 = {gonum.org},
	howpublished = {\url{https://www.gonum.org/}},
	note		 = {Accessed: 2019-09-22}
}

@misc{go-testing,
	title		 = {golang.org/testing},
	howpublished = {\url{https://golang.org/pkg/testing/}},
	note         = {Accessed: 2019-09-30}
}

@misc{k-anon,
    title        = {k-anon Repository on Bitbucket},
	howpublished = {\url{https://github.com/gar-r/k-anon/}},
	note         = {Accessed: 2019-10-05}
}

@misc{go-modules,
	title		 = {Using Go Modules},
	howpublished = {\url{https://blog.golang.org/using-go-modules}},
	note		 = {Accessed: 2019-10-05}
}

@misc{publish-go-modules,
	title		 = {Publishing Go Modules},
	howpublished = {\url{https://blog.golang.org/publishing-go-modules}},
	note		 = {Accessed: 2019-10-05}
}

@book{go-book,
    title        = {The Go Programming Language},
	author       = {Alan A. A. Donovan, Brian W. Kernighan},
	publisher    = {Addison-Wesley Professional},
	year         = {2015}
}
